@article{scikit-learn,
 title={Scikit-learn: Machine Learning in {P}ython},
 author={Pedregosa, F. and Varoquaux, G. and Gramfort, A. and Michel, V.
         and Thirion, B. and Grisel, O. and Blondel, M. and Prettenhofer, P.
         and Weiss, R. and Dubourg, V. and Vanderplas, J. and Passos, A. and
         Cournapeau, D. and Brucher, M. and Perrot, M. and Duchesnay, E.},
 journal={Journal of Machine Learning Research},
 volume={12},
 pages={2825--2830},
 year={2011}
}
@inproceedings{lifeclef2019,
title={Overview of LifeCLEF 2019: Identification of Amazonian Plants, South \& North American Birds, and Niche Prediction},
author={Alexis Joly, Herv\'e Go\"eau, Christophe Botella, Stefan Kahl, Maximillien Servajean, Hervé Glotin, Pierre Bonnet, Willem-Pier Vellinga, Robert Planqué, Fabian-Robert Stöter, Henning Müller},
booktitle={Proceedings of CLEF 2019},
year={2019}
}
@inproceedings{geolifeclef2019,
title={Overview of GeoLifeCLEF 2019: plant species prediction using environment and animal occurrences},
author={Botella, Christophe and Servajean, Maximilien and Bonnet, Pierre and Joly, Alexis},
booktitle={CLEF working notes 2019},
year={2019}
}
@misc{maxgit,
 title={GLC19 GitHub Repository},
 url={https://github.com/maximiliense/GLC19}
}
@misc{web,
 title={GeoLifeCLEF 2019 Challenge},
 url={https://www.imageclef.org/GeoLifeCLEF2019}
}
@misc{keras,
  title={Keras},
  author={Chollet, Fran\c{c}ois and others},
  year={2015},
  howpublished={\url{https://keras.io}},
}
@inproceedings{xgboost,
 author = {Chen, Tianqi and Guestrin, Carlos},
 title = {{XGBoost}: A Scalable Tree Boosting System},
 booktitle = {Proceedings of the 22nd ACM SIGKDD International Conference on Knowledge Discovery and Data Mining},
 series = {KDD '16},
 year = {2016},
 isbn = {978-1-4503-4232-2},
 location = {San Francisco, California, USA},
 pages = {785--794},
 numpages = {10},
 url = {http://doi.acm.org/10.1145/2939672.2939785},
 doi = {10.1145/2939672.2939785},
 acmid = {2939785},
 publisher = {ACM},
 address = {New York, NY, USA},
 keywords = {large-scale machine learning},
}
@inproceedings{glc18,
  title = {Overview of GeoLifeCLEF 2018: Location-based Species Recommendation},
  author = {Christophe Botella, Pierre Bonnet, François Munoz, Pascal Monestiez, Alexis Joly},
  url = {http://ceur-ws.org/Vol-2125/invited_paper_8.pdf},
  year = {2018}
}